<?xml version="1.0" encoding="UTF-8"?><record xmlns="http://www.loc.gov/MARC21/slim" xmlns:cinclude="http://apache.org/cocoon/include/1.0" xmlns:zs="http://www.loc.gov/zing/srw/">
  <leader>00403cz  a2200133n  4500</leader>
  <controlfield tag="001">n  80049411 </controlfield>
  <controlfield tag="003">DLC</controlfield>
  <controlfield tag="005">20090214080032.0</controlfield>
  <controlfield tag="008">800604n| acannaabn          |n aaa      </controlfield>
  <datafield tag="010" ind1=" " ind2=" ">
    <subfield code="a">n  80049411 </subfield>
  </datafield>
  <datafield tag="035" ind1=" " ind2=" ">
    <subfield code="a">(OCoLC)oca00431302</subfield>
  </datafield>
  <datafield tag="040" ind1=" " ind2=" ">
    <subfield code="a">DLC</subfield>
    <subfield code="b">eng</subfield>
    <subfield code="c">DLC</subfield>
    <subfield code="d">OCoLC</subfield>
  </datafield>
  <datafield tag="100" ind1="1" ind2=" ">
    <subfield code="a">Swank, Luke,</subfield>
    <subfield code="d">1890-1944</subfield>
  </datafield>
  <datafield tag="670" ind1=" " ind2=" ">
    <subfield code="a">His Luke Swank, 1980?:</subfield>
    <subfield code="b">t.p. (Luke Swank) p. 10, etc. (b. 1890; d. 3/14/44; photographer in Pa.)</subfield>
  </datafield>
</record>